% add references as needed
@article{VapnikCortes1995,
     author = {Cortes, Corinna and Vapnik, Vladimir},
     title = {Support-{V}ector {N}etworks},
     journal = {Machine Learning},
     issue_date = {Sept. 1995},
     volume = {20},
     number = {3},
     month = sep,
     year = {1995},
     issn = {0885-6125},
     pages = {273--297},
     numpages = {25},
     url = {http://dx.doi.org/10.1023/A:1022627411411},
     doi = {10.1023/A:1022627411411},
     acmid = {218929},
     publisher = {Kluwer Academic Publishers},
     address = {Hingham, MA, USA},
     keywords = {efficient learning algorithms, neural networks, pattern recognition, polynomial classifiers, radial basis function classifiers}
}

@misc{Fletcher09,
    author          = {Tristan Fletcher},
    title           = {Support {V}ector {M}achines {E}xplained},
    year            = {2009},
    howpublished    = {\url{http://www.tristanfletcher.co.uk/SVM\%20Explained.pdf}}
}

@article{HsuLin02,
     author = {Hsu, Chih-Wei and Lin, Chih-Jen},
     title = {A Comparison of Methods for Multiclass Support Vector Machines},
     journal = {Transactions on Neural Networks},
     issue_date = {March 2002},
     volume = {13},
     number = {2},
     month = mar,
     year = {2002},
     issn = {1045-9227},
     pages = {415--425},
     numpages = {11},
     publisher = {IEEE Press},
     address = {Piscataway, NJ, USA},
}

@inbook{Manning08,
    author          = "Cristopher D. Manning and Prabhakar Raghavan and Hinrich Schütze",
    title           = "Introduction to {I}nformation {R}etrieval",
    year            = "2008",
    chapter         = "6.2",
    publisher       = {Cambridge University Press, Cambridge}
}

@InProceedings{Gimpel11,
     author = {Gimpel, Kevin and Schneider, Nathan and O'Connor, Brendan and Das, Dipanjan and Mills, Daniel and Eisenstein, Jacob and Heilman, Michael and Yogatama, Dani and Flanigan, Jeffrey and Smith, Noah A.},
     title = {Part-of-speech {T}agging for {T}witter: {A}nnotation, {F}eatures, and {E}xperiments},
     booktitle = {Proceedings of the 49th Annual Meeting of the Association for Computational Linguistics: Human Language Technologies: Short Papers - Volume 2},
     series = {HLT '11},
     year = {2011},
     isbn = {978-1-932432-88-6},
     location = {Portland, Oregon},
     pages = {42--47},
     numpages = {6},
     publisher = {Association for Computational Linguistics},
     address = {Stroudsburg, PA, USA},
}


@misc{Owoputi12,
    author          = "Olutobi Owoputi and Brendan O’Connor and Chris Dyer and Kevin Gimpel and Nathan Schneider",
    title           = "Part-of-{S}peech {T}agging for {T}witter: Word {C}lusters and {O}ther {A}dvances",
    year            = "2011",
    howpublished    = {\url{http://www.ark.cs.cmu.edu/TweetNLP/owoputi+etal.tr12.pdf}}
}

@article{scikit-learn,
    title           = {Scikit-learn: Machine {L}earning in {P}ython},
    author          = {Pedregosa, F. and Varoquaux, G. and Gramfort, A. and Michel, V. and Thirion, B. and Grisel, O. and Blondel, M. and Prettenhofer, P. and Weiss, R. and Dubourg, V. and Vanderplas, J. and Passos, A. and Cournapeau, D. and Brucher, M. and Perrot, M. and Duchesnay, E.},
    journal         = {Journal of Machine Learning Research},
    volume          = {12},
    pages           = {2825--2830},
    year            = {2011}
}

@inproceedings{twitieTagger,
    title           = {Twitter {P}art-of-{S}peech {T}agging for {A}ll: Overcoming {S}parse and {N}oisy {D}ata},
    author          = {Derczynski, Leon and Ritter, Alan and Clark, Sam and Bontcheva, Kalina},
    year            = {2013},
    booktitle       = {Proceedings of the International Conference on Recent Advances in Natural Language Processing},
    publisher       = {Association for Computational Linguistics}
}

@Inproceedings{AFINN,
    title           = {A new {A}{N}{E}{W}: Evaluation of a word list for sentiment analysis in microblogs},
    author          = {Finn Årup Nielsen},
    year            = {2011},
    volume          = {718},
    booktitle       = {Proceedings of the ESWC2011 Workshop on 'Making Sense of Microposts': Big things come in small packages},
    pages           = {93-98},
    address    = {Heraklion, Crete, Greece}
}

@InProceedings{MohammadKZ2013,
    author          = {Mohammad, Saif and Kiritchenko, Svetlana and Zhu, Xiaodan},
    title           = {N{R}{C}-{C}anada: {B}uilding the {S}tate-of-the-{A}rt in {S}entiment {A}nalysis of {T}weets},
    booktitle       = {Proceedings of the seventh international workshop on Semantic Evaluation Exercises (SemEval-2013)},
    year            = {2013},
    address         = {Atlanta, Georgia, USA}
}

@InProceedings{vaderSentiment,
    author          = "Hutto, Clayton and Gilbert, Eric",
    title           = "V{A}{D}{E}{R}: A {P}arsimonious {R}ule-based {M}odel for {S}entiment {A}nalysis of {S}ocial {M}edia {T}ext",
    booktitle       = {Eighth International Conference on Weblogs and Social Media (ICWSM-14)},
    year            = "2014",
    howpublished    = {\url{https://github.com/cjhutto/vaderSentiment}}
}

@misc{PottsTokenizer,
    author          = "Christopher Potts",
    title           = "Sentiment {S}ymposium {T}utorial: {T}okenizing",
    year            = "2011",
    howpublished    = {\url{http://sentiment.christopherpotts.net/tokenizing.html}}
}

@mastersthesis{FaretReitan,
    author          = "Jørgen Faret and Johan Reitan",
    title           = "Twitter {S}entiment {A}nalysis: Exploring the {E}ffects of {L}inguistic {N}egation",
    school          = "Norwegian University of Science and Technology",
    year            = "2015"
}
@InProceedings{ReitanEtAl15,
  author    = {Reitan, Johan  and  Faret, J{\o}rgen  and  Gamb\"{a}ck, Bj\"{o}rn  and  Bungum, Lars},
  title     = {Negation Scope Detection for Twitter Sentiment Analysis},
  booktitle = {Proceedings of the 6th Workshop on Computational Approaches to Subjectivity, Sentiment and Social Media Analysis},
  month     = {September},
  year      = {2015},
  address   = {Lisboa, Portugal},
  publisher = {Association for Computational Linguistics},
  pages     = {99--108},
  url       = {http://aclweb.org/anthology/W15-2914}
}

@mastersthesis{SelmerBrevik,
    author          = {Brevik, Mikael and Selmer, \O{}yvind},
    title           = {Classification and {V}isualisation of {T}witter {S}entiment {D}ata},
    school          = {Norwegian University of Science and Technology},
    year            = {2013}
}
@InProceedings{SelmerEtAl13,
  author    = {Selmer, {\O}yvind  and  Brevik, Mikael  and  Gamb\"{a}ck, Bj\"{o}rn  and  Bungum, Lars},
  title     = {NTNU: Domain Semi-Independent Short Message Sentiment Classification},
  booktitle = {Second Joint Conference on Lexical and Computational Semantics (*SEM), Volume 2: Proceedings of the Seventh International Workshop on Semantic Evaluation (SemEval 2013)},
  month     = {June},
  year      = {2013},
  address   = {Atlanta, Georgia, USA},
  publisher = {Association for Computational Linguistics},
  pages     = {430--437},
  url       = {http://www.aclweb.org/anthology/S13-2071}
}

@misc{GoSentimentAnalysis09,
    author          = "Alec Go and Lei Huang and Richa Bhayani",
    title           = "Twitter {S}entiment {A}nalysis",
    year            = "2009",
    howpublished    = {\url{http://hughchristensen.co.uk/papers/socialNetworking/Twitter\%20Sentiment\%20Analysis.pdf}}
}

@article{Svetlana14,
    author          = "Svetlana Kiritchenko and Xiaodan Zhu and Saif M. Mohammad",
    title           = "Sentiment {A}nalysis of {S}hort {I}nformal {T}exts",
    year            = "2014",
    journal         = "Journal of Artificial Intelligence Research",
    volume          = "50",
    pages           = "723–762"
}


@article{SparckJones72,
    author          = {Sp\"{a}rck Jones, Karen},
    title           = {A {S}TATISTICAL {I}NTERPRETATION OF {T}ERM {S}PECIFICITY AND ITS {A}PPLICATION IN {R}ETRIEVAL},
    journal         = {Journal of Documentation},
    volume          = {28},
    number          = {1},
    pages           = {11-21},
    year            = {1972},
    howpublished    = {\url{http://dx.doi.org/10.1108/eb026526}},
}

@article{Brown92,
     author = {Brown, Peter F. and deSouza, Peter V. and Mercer, Robert L. and Pietra, Vincent J. Della and Lai, Jenifer C.},
     title = {Class-based N-gram {M}odels of {N}atural {L}anguage},
     journal = {Computational Linguistics},
     issue_date = {December 1992},
     volume = {18},
     number = {4},
     month = dec,
     year = {1992},
     issn = {0891-2017},
     pages = {467--479},
     numpages = {13},
     url = {http://dl.acm.org/citation.cfm?id=176313.176316},
     acmid = {176316},
     publisher = {MIT Press},
     address = {Cambridge, MA, USA},
} 

@misc{Councill10,
    author          = {Isaac G. Councill and Ryan McDonald and Leonid Velikovich},
    title           = {What’s {G}reat and {W}hat’s {N}ot: Learning to {C}lassify the {S}cope of {N}egation for {I}mproved {S}entiment {A}nalysis},
    year            = {2010},
    howpublished    = {\url{http://www.aclweb.org/anthology/W10-3110}}
}

@misc{Das01yahoo,
    author          = {Sanjiv R. Das and Mike Y. Chen and To Vikas Agarwal and Chris Brooks and Yuk-shee Chan and David Gibson and David Leinweber and Asis Martinez-jerez and Priya Raghubir and Sridhar Rajagopalan and Ajit Ranade and Mark Rubinstein and Peter Tufano},
    title           = {Yahoo! for amazon: Sentiment extraction from small talk on the web},
    booktitle       = {8th Asia Pacific Finance Association Annual Conference},
    year            = {2001},
    howpublished    = {\url{http://citeseer.ist.psu.edu/viewdoc/summary?doi=10.1.1.202.6418}}
}

@misc{Chang11,
    author          = {Chang, Chih-Chung and Lin, Chih-Jen},
    title           = {L{I}{B}{S}{V}{M}: A {L}ibrary for {S}upport {V}ector {M}achines},
    journal         = {ACM Trans. Intell. Syst. Technol.},
    year            = {2011},
    issn            = {2157-6904},
    howpublished    = {\url{http://doi.acm.org/10.1145/1961189.1961199}}
}

@TECHREPORT{Platt98,
    author      = {John C. Platt},
    title       = {Sequential {M}inimal {O}ptimization: A {F}ast {A}lgorithm for {T}raining {S}upport {V}ector {M}achines},
    institution = {Advances In Kernel Methods - Support Vector Learning},
    year        = {1998}
}

@techreport{turneylittman2002,
    added-at    = {2008-04-01T23:37:32.000+0200},
    author      = {Turney, Peter and Littman, Michael},
    biburl      = {\url{http://www.bibsonomy.org/bibtex/2ffc72a34273fb85180ae6a540845fa5e/subjectivity}},
    institution = {Institute for Information Technology, National Research Council Canada},
    keywords    = {turneylittman02subjectivity},
    timestamp   = {2008-04-01T23:37:56.000+0200},
    title       = {Unsupervised {L}earning of {S}emantic {O}rientation from a {H}undred-{B}illion-{W}ord
    {C}orpus},
    type        = {Technical Report {N}{R}{C} Technical Report {E}{R}{B}-1094},
    year        = 2002
}

@InProceedings{Velikovich2010,
    author      = {Velikovich, Leonid and Blair-Goldensohn, Sasha and Hannan, Kerry and McDonald, Ryan},
    title       = {The {V}iability of {W}eb-derived {P}olarity {L}exicons},
    booktitle   = {Human Language Technologies: The 2010 Annual Conference of the North American Chapter of the Association for Computational Linguistics},
    series      = {HLT '10},
    year        = {2010},
    isbn        = {1-932432-65-5},
    location    = {Los Angeles, California},
    pages       = {777--785},
    numpages    = {9},
    url         = {http://dl.acm.org/citation.cfm?id=1857999.1858118},
    acmid       = {1858118},
    publisher   = {Association for Computational Linguistics},
    address     = {Stroudsburg, PA, USA}
} 

@InProceedings{Webis15,
    author      = {Hagen, Matthias and Potthast, Martin and Büchner, Michel and Stein, Benno},
    title       = {Webis: An {E}nsemble for {T}witter {S}entiment {D}etection},
    booktitle   = {Proceedings of the 9th international workshop on Semantic Evaluation Exercises (SemEval 2015)},
    year        = {2015},
    address     = {Denver, Colorado, USA}
}

@InProceedings{Splusplus15,
    author      = {Dong, Li and Wei, Furu and Yin, Yichun and Zhou, Ming and Xu, Ke},
    title       = {Splusplus: A {F}eature-{R}ich {T}wo-stage {C}lassifier for {S}entiment {A}nalysis of {T}weets},
    booktitle   = {Proceedings of the 9th international workshop on Semantic Evaluation Exercises (SemEval 2015)},
    year        = {2015},
    address     = {Denver, Colorado, USA}
}

@TECHREPORT{Zhu02learningfrom,
    author      = {Xiaojin Zhu and Zoubin Ghahramani},
    title       = {Learning from {L}abeled and {U}nlabeled {D}ata with {L}abel {P}ropagation},
    year        = {2002},
    institution = {Citeseer}
}

@article{Taboada2011,
    author      = {Taboada, Maite and Brooke, Julian and Tofiloski, Milan and Voll, Kimberly and Stede, Manfred},
    title       = {Lexicon-based {M}ethods for {S}entiment {A}nalysis},
    journal     = {Computational Linguistics},
    issue_date  = {June 2011},
    volume      = {37},
    number      = {2},
    month       = jun,
    year        = {2011},
    issn        = {0891-2017},
    pages       = {267--307},
    numpages    = {41},
    url         = {http://dx.doi.org/10.1162/COLI\_a\_00049},
    acmid       = {2000518},
    publisher   = {MIT Press},
    address     = {Cambridge, MA, USA},
} 

@book{fano1961transmission,
    title       = {Transmission of {I}nformation: A {S}tatistical {T}heory of {C}ommunications},
    author      = {Fano, Robert M.},
    lccn        = {61008799},
    series      = {MIT Press Classics},
    url         = {https://books.google.no/books?id=VSYIAQAAIAAJ},
    year        = {1961},
    publisher   = {M.I.T. Press}
}

@article{Church90,
    author      = {Church, Kenneth Ward and Hanks, Patrick},
    title       = {Word {A}ssociation {N}orms, {M}utual {I}nformation, and {L}exicography},
    journal     = {Computational Linguistics},
    issue_date  = {March 1990},
    volume      = {16},
    number      = {1},
    month       = mar,
    year        = {1990},
    issn        = {0891-2017},
    pages       = {22--29},
    numpages    = {8},
    url         = {http://dl.acm.org/citation.cfm?id=89086.89095},
    acmid       = {89095},
    publisher   = {MIT Press},
    address     = {Cambridge, MA, USA}
}

@article{ChenYou02,
    author      = {Chen, Keh-Jiann and You, Jia-Ming},
    title       = {A {S}tudy on {W}ord {S}imilarity using {C}ontext {V}ector {M}odels},
    year        = {2002},
    journal     = {Computational Linguistics and Chinese Language Processing},
    volume      = {7},
    number      = {2},
    pages       = {37--58}
}

@ARTICLE{Rohde06animproved,
    author      = {Douglas L. T. Rohde and Laura M. Gonnerman and David C. Plaut},
    title       = {An improved model of semantic similarity based on lexical co-occurence },
    journal     = {Communications Of The ACM},
    year        = {2006},
    volume      = {8},
    pages       = {627--633}
}

@article{Pearson253,
	author      = {Pearson, Karl},
	title       = {Mathematical {C}ontributions to the {T}heory of {E}volution. I{I}{I}. Regression, {H}eredity, and {P}anmixia},
	volume      = {187},
	pages       = {253--318},
	year        = {1896},
	doi         = {10.1098/rsta.1896.0007},
	publisher   = {The Royal Society},
	issn        = {0264-3952},
	url         = {http://rsta.royalsocietypublishing.org/content/187/253},
	journal     = {Philosophical Transactions of the Royal Society of London A: Mathematical, Physical and Engineering Sciences}
}

@InCollection{Polanyi06,
    author      = {Polanyi, Livia and Zaenen, Annie},
    title       = {Contextual {V}alence {S}hifters},
    booktitle   = {Computing Attitude and Affect in Text: Theory and Applications},
    editor      = {Shanahan, James G. and Qu, Yan and Wiebe, Janyce},
    year        = {2006},
    pages       = {1-10},
    volume      = {20},
    publisher   = {Springer}
}

@InProceedings{JahFre16,
    author      = {Jahren, Brage Ekroll and Fredriksen, Valerij and Gamb\"ack, Bj\"orn and Bungum, Lars },
    title       = {{N}{T}{N}{U}{S}ent{E}val at {S}em{E}val 2016 {T}ask 4:},
    booktitle   = {Proceedings of the 10th International Workshop on Semantic Evaluation},
    year        = {2016},
    address     = {San Diego, California},
    publisher   = {Association for Computational Linguistics},
}

@unpublished{JahFre15,
    author      = {Jahren, Brage Ekroll and Fredriksen, Valerij},
    title       = {Twitter {S}entiment {A}nalysis},
    year        = {2015},
    note        = {Specialization Project},
    month       = {December}
}

@article{Goodman01abit,
    title       = {A bit of progress in language modeling},
    author      = {Goodman, Joshua T},
    journal     = {Computer Speech \& Language},
    volume      = {15},
    number      = {4},
    pages       = {403--434},
    year        = {2001},
    publisher   = {Elsevier}
}

@inproceedings{brody11,
    title       = {Cooooooooooooooollllllllllllll!!!!!!!!!!!!!!: using word lengthening to detect sentiment in microblogs},
    author      = {Brody, Samuel and Diakopoulos, Nicholas},
    booktitle   = {Proceedings of the conference on empirical methods in natural language processing},
    pages       = {562--570},
    year        = {2011},
    organization= {Association for Computational Linguistics}
}

@inproceedings{levenshtein66,
    title       = {Binary codes capable of correcting deletions, insertions, and reversals},
    author      = {Levenshtein, Vladimir I},
    booktitle   = {Soviet physics doklady},
    volume      = {10},
    pages       = {707--710},
    year        = {1966}
}

@inproceedings{Wilson05,
    author      = {Wilson, Theresa and Wiebe, Janyce and Hoffmann, Paul},
    title       = {Recognizing Contextual Polarity in Phrase-level Sentiment Analysis},
    booktitle   = {Proceedings of the Conference on Human Language Technology and Empirical Methods in Natural Language Processing},
    series      = {HLT '05},
    year        = {2005},
    location    = {Vancouver, British Columbia, Canada},
    pages       = {347--354},
}

@inproceedings{Hu04,
    author      = {Hu, Minqing and Liu, Bing},
    title       = {Mining and Summarizing Customer Reviews},
    booktitle   = {Proceedings of the Tenth ACM SIGKDD International Conference on Knowledge Discovery and Data Mining},
    series      = {KDD '04},
    year        = {2004},
    location    = {Seattle, WA, USA},
    pages       = {168--177},
}

@InProceedings{SemEval:2016:task4,
  author    = {Preslav Nakov and Alan Ritter and Sara Rosenthal and Veselin Stoyanov and Fabrizio Sebastiani},
  title     = {{SemEval}-2016 Task 4: Sentiment Analysis in {T}witter},
  booktitle = {Proceedings of the 10th International Workshop on Semantic Evaluation},
  series    = {SemEval '16},
  month     = {June},
  year      = {2016},
  address   = {San Diego, California},
  publisher = {Association for Computational Linguistics},
}